@incollection{douceur2002sybil,
  title={The sybil attack},
  author={Douceur, John R},
  booktitle={Peer-to-peer Systems},
  pages={251--260},
  year={2002},
  publisher={Springer}
}

@book{smith2005virtual,
  title={Virtual machines: versatile platforms for systems and processes},
  author={Smith, James Edward and Nair, Ravi},
  year={2005},
  publisher={Elsevier}
}

@misc{sulistio2002simulation,
  title={Simulation of Parallel and Distributed Systems: A Taxonomy and Survey of Tools},
  author={Sulistio, Anthony and Yeo, C Shin and Buyya, Rajkumar},
  journal={2005-04. http://www. chinagrid. net},
  pages={1--19},
  year={2002}
}

@inproceedings{casanova2008simgrid,
  title={Simgrid: A generic framework for large-scale distributed experiments},
  author={Casanova, Henri and Legrand, Arnaud and Quinson, Martin},
  booktitle={Computer Modeling and Simulation, 2008. UKSIM 2008. Tenth International Conference on},
  pages={126--131},
  year={2008},
  organization={IEEE}
}

@article{calheiros2011cloudsim,
  title={CloudSim: a toolkit for modeling and simulation of cloud computing environments and evaluation of resource provisioning algorithms},
  author={Calheiros, Rodrigo N and Ranjan, Rajiv and Beloglazov, Anton and De Rose, C{\'e}sar AF and Buyya, Rajkumar},
  journal={Software: Practice and Experience},
  volume={41},
  number={1},
  pages={23--50},
  year={2011},
  publisher={Wiley Online Library}
}

@article{cohen2008bittorrent,
  title={The BitTorrent protocol specification, 2008},
  author={Cohen, Bram},
  journal={\url{http://bittorrent.org/beps/bep\_0003.html}},
  year={2008}
}

@article{loewenstern2008dht,
  title={{DHT} Protocol, 2008},
  author={Loewenstern, Norberg},
  journal={\url{http://bittorrent.org/beps/bep\_0005.html}},
  year={2008}
}

@misc{gp-iostream,
  title={Gnuplot C++ IOStream interface},
  author={Dan Stahlke},
  howpublished={\url{http://www.stahlke.org/dan/gnuplot-iostream/}}
}

@article{Silaghi2009, 
year={2009},
issn={1570-7873},
journal={Journal of Grid Computing},
volume={7},
number={4},
doi={10.1007/s10723-009-9124-5},
title={Defeating Colluding Nodes in Desktop Grid Computing Platforms},
url={http://dx.doi.org/10.1007/s10723-009-9124-5},
publisher={Springer Netherlands},
keywords={Desktop grids; Volunteer computing; Collusion; Replication},
author={Silaghi, GheorgheCosmin and Araujo, Filipe and Silva, LuisMoura and Domingues, Patricio and Arenas, AlvaroE.},
pages={555-573},
language={English}
}

@article{nakamoto2008bitcoin,
  title={Bitcoin: A peer-to-peer electronic cash system},
  author={Nakamoto, Satoshi},
  year={2008},
  journal={\url{https://bitcoin.org/bitcoin.pdf}}
}

@article{gupta2006compup2p,
  title={CompuP2P: An architecture for internet computing using peer-to-peer networks},
  author={Gupta, Rohit and Sekhri, Varun and Somani, Arun K},
  journal={Parallel and Distributed Systems, IEEE Transactions on},
  volume={17},
  number={11},
  pages={1306--1320},
  year={2006},
  publisher={IEEE}
}

@article{han2013clouds,
  title={On the clouds: a new way of computing},
  author={Han, Yan},
  journal={Information Technology and Libraries},
  volume={29},
  number={2},
  pages={87--92},
  year={2013}
}

@article{anderson2002seti,
  title={SETI@ home: an experiment in public-resource computing},
  author={Anderson, David P and Cobb, Jeff and Korpela, Eric and Lebofsky, Matt and Werthimer, Dan},
  journal={Communications of the ACM},
  volume={45},
  number={11},
  pages={56--61},
  year={2002},
  publisher={ACM}
}

@inproceedings{anderson2004boinc,
  title={Boinc: A system for public-resource computing and storage},
  author={Anderson, David P},
  booktitle={Grid Computing, 2004. Proceedings. Fifth IEEE/ACM International Workshop on},
  pages={4--10},
  year={2004},
  organization={IEEE}
}

@article{walker2008benchmarking,
  title={Benchmarking Amazon EC2 for high-performance scientific computing},
  author={Walker, Edward},
  journal={Usenix Login},
  volume={33},
  number={5},
  pages={18--23},
  year={2008}
}

@article{de2013customizable,
  title={Customizable execution environments for evolutionary computation using boinc+ virtualization},
  author={de Vega, Francisco Fern{\'a}ndez and Olague, Gustavo and Trujillo, Leonardo and Gonz{\'a}lez, Daniel Lombra{\~n}a},
  journal={Natural Computing},
  volume={12},
  number={2},
  pages={163--177},
  year={2013},
  publisher={Springer}
}

@incollection{barber2012bitter,
  title={Bitter to better—how to make bitcoin a better currency},
  author={Barber, Simon and Boyen, Xavier and Shi, Elaine and Uzun, Ersin},
  booktitle={Financial Cryptography and Data Security},
  pages={399--414},
  year={2012},
  publisher={Springer}
}

@article{berriman2013application,
  title={The application of cloud computing to scientific workflows: a study of cost and performance},
  author={Berriman, G Bruce and Deelman, Ewa and Juve, Gideon and Rynge, Mats and V{\"o}ckler, Jens-S},
  journal={Philosophical Transactions of the Royal Society A: Mathematical, Physical and Engineering Sciences},
  volume={371},
  number={1983},
  pages={20120066},
  year={2013},
  publisher={The Royal Society}
}

@inproceedings{bendahmane2012result,
  title={Result verification mechanism for MapReduce computation integrity in cloud computing},
  author={Bendahmane, Ahmed and Essaaidi, Mohammad and Moussaoui, Ahmed El and Younes, Ali},
  booktitle={Complex Systems (ICCS), 2012 International Conference on},
  pages={1--6},
  year={2012},
  organization={IEEE}
}

@article{zochniakreliable,
  title={Reliable peer-to-peer computing system},
  author={ZOCHNIAK, Micha{\l} and SAWICKI, Bartosz},
  pages={61},
  year={2014},
  volume={90},
  number={5},
  issn={0033-2097},
  journal={Przegląd Elektrotechniczny}
}

@misc{andersen2005cunningham,
  title={Cunningham chain. From MathWorld--A Wolfram Web Resource},
  author={Andersen, JK and Weisstein, EW},
  year={2005},
  howpublished={\url{http://mathworld.wolfram.com/CunninghamChain.html}}
}